@online{wiki_snowden,
author = {Wikipedia},
title = {Edward Snowden},
url = {https://en.wikipedia.org/wiki/Edward_Snowden},
urldate = {2015-11-30}
}

@online{praxisfilms,
author = {Praxis Films},
title = {About Laura Poitras},
url = {http://www.praxisfilms.org/about/laura-poitras},
urldate = {2015-12-02}
}

@online{wiki_greenwald,
author={Wikipedia},
title={Glenn Greenwald},
url={https://de.wikipedia.org/wiki/Glenn_Greenwald},
urldate={2015-11-28}
}

@online{unclaimed_response,
author={Glenn Greenwald - Unclaimed Territory},
title={Response to right-wing personal attacks},
url={http://glenngreenwald.blogpsot.de/2006/07/response-to-right-wing-personal.html},
urldate={2015-11-28}
}

@online{intercept_about,
author={The Intercept},
title={Editorial Mission \& Staff},
url={https://theintercept.com/staff},
urldate={2015-11-28}
}

@online{statista_internet,
author={Statista},
title={Deutsches Web weiter zu langsam f√ºr Weltspitze},
url={http://de.statista.com/infografik/1064/top-10-laender-mit-dem-schnellsten-internetzugang},
urldate={2015-12-02}
}